@book{vantHoff1884,
Author = {van't Hoff, Jacobus Henricus},
Title = {Etudes de dynamique chimique},
Publisher = {Amsterdam},
Year = {1884}
}

@article{Arrhenius1889,
Author = {Arrhenius, Svante},
Title = {Uber die Reaktionsgeschwindigkeit bei der Inversion von Rohrzucker durch Sauren},
Journal = {Zeitschrift fur Physikalishe Chemie},
Volume = {4},
Pages = {226},
Year = {1889},
Journal-ISO = {Z. Physik. Chem.}
}

﻿@article{Einstein1905,
Author = {Einstein, Albert},
Title = {{The motion of elements suspended in static liquids as claimed in the
   molecular kinetic theory of heat}},
Journal = {{ANNALEN DER PHYSIK}},
Year = {{1905}},
Volume = {{17}},
Pages = {{549-560}},
Times-Cited = {{2859}},
Journal-ISO = {{Ann. Phys. Berlin}},
}
﻿﻿
@article{Polanyi1920,
Author = {Polanyi, M},
Title = {{The theory of the reaction speed}},
Journal = {{ZEITSCHRIFT FUR PHYSIK}},
Year = {{1920}},
Volume = {{2}},
Pages = {{90-110}},
DOI = {{10.1007/BF01333794}},
Times-Cited = {{5}},
Journal-ISO = {{Z. Phys.}},
}
﻿
@article{Jones1925,
Author = {Lennard-Jones, J E  and Ingham, A E},
Title = {{On the calculation of certain crystal potential constants, and on the
   cubic crystal of least potential energy}},
Journal = {{PROCEEDINGS OF THE ROYAL SOCIETY OF LONDON SERIES A-CONTAINING PAPERS OF
   A MATHEMATICAL AND PHYSICAL CHARACTER}},
Year = {{1925}},
Volume = {{107}},
Pages = {{636-653}},
DOI = {{10.1098/rspa.1925.0047}},
Times-Cited = {{188}},
Journal-ISO = {{Proc. R. soc. Lond. Ser. A}},
Note = {{-Contain. Pap. Math. Phys. Character}}
}
﻿
@article{Born1927,
Author = {Born, M and Oppenheimer, R},
Title = {{Quantum theory of molecules}},
Journal = {{ANNALEN DER PHYSIK}},
Year = {{1927}},
Volume = {{84}},
Pages = {{0457-0484}},
Times-Cited = {{2123}},
Journal-ISO = {{Ann. Phys.-Berlin}},
}

@article{Farkas1927,
Author = {Farkas, L},
Title = {{The speed of germinitive formation in over saturated vapours.}},
Journal = {{ZEITSCHRIFT FUR PHYSIKALISCHE CHEMIE--STOCHIOMETRIE UND
   VERWANDTSCHAFTSLEHRE}},
Year = {{1927}},
Volume = {{125}},
Pages = {{236-242}},
Times-Cited = {{331}},
Journal-ISO = {{Z. Physik. Chem.}}
}

@article{Rice1927,
Author = {Rice, O K and Ramsperger, H C},
Title = {{Theories of unimolecular gas reactions at low pressures}},
Journal = {{JOURNAL OF THE AMERICAN CHEMICAL SOCIETY}},
Year = {{1927}},
Volume = {{49}},
Pages = {{1617-1629}},
DOI = {{10.1021/ja01406a001}},
Times-Cited = {{271}},
Journal-ISO = {J. Am. Chem. Soc.}
}
﻿
@article{Kassel1928,
Author = {Kassel, L S},
Title = {{Studies in homogeneous gas reactions I}},
Journal = {{JOURNAL OF PHYSICAL CHEMISTRY}},
Year = {{1928}},
Volume = {{32}},
Pages = {{225-242}},
DOI = {{10.1021/j150284a007}},
Times-Cited = {{321}},
Journal-ISO = {J. Phys. Chem.}
}
﻿
@article{Rice1928,
Author = {Rice, O K and Ramsperger, H C},
Title = {{Theories of unimolecular gas reactions at low pressures II}},
Journal = {{JOURNAL OF THE AMERICAN CHEMICAL SOCIETY}},
Year = {{1928}},
Volume = {{50}},
Pages = {{617-620}},
DOI = {{10.1021/ja01390a002}},
Times-Cited = {{164}},
Journal-ISO = {J. Am. Chem. Soc.}
}
﻿
@article{Onsager1931a,
Author = {Onsager, Lars},
Title = {{Reciprocal relations in irreversible processes. I.}},
Journal = {{PHYSICAL REVIEW}},
Year = {{1931}},
Volume = {{37}},
Pages = {{405-426}},
DOI = {{10.1103/PhysRev.37.405}},
Times-Cited = {{2884}},
Journal-ISO = {Phys. Rev.}
}
﻿
@article{Onsager1931b,
Author = {Onsager, Lars},
Title = {{Reciprocal relations in irreversible processes. II.}},
Journal = {{PHYSICAL REVIEW}},
Year = {{1931}},
Volume = {{38}},
Pages = {{2265-2279}},
DOI = {{10.1103/PhysRev.38.2265}},
Times-Cited = {{2289}},
Journal-ISO = {Phys. Rev.}
}
﻿
@article{Eyring1935,
Author = {Eyring, H},
Title = {{The activated complex in chemical reactions}},
Journal = {{JOURNAL OF CHEMICAL PHYSICS}},
Year = {{1935}},
Volume = {{3}},
Pages = {{107-115}},
DOI = {{10.1063/1.1749604}},
Times-Cited = {{2048}},
Journal-ISO = {J. Chem. Phys.}
}
﻿
﻿@article{Wigner1937,
Author = {Wigner, E},
Title = {{Calculation of the rate of elementary association reactions}},
Journal = {{JOURNAL OF CHEMICAL PHYSICS}},
Year = {{1937}},
Volume = {{5}},
Pages = {{720-723}},
DOI = {{10.1063/1.1750107}},
Times-Cited = {{348}},
Journal-ISO = {{J. Chem. Phys.}}
}

﻿@article{Wigner1938,
Author = {Wigner, E},
Title = {{The transition state method.}},
Journal = {{TRANSACTIONS OF THE FARADAY SOCIETY}},
Year = {{1938}},
Volume = {{34}},
Pages = {{0029-0040}},
DOI = {{10.1039/tf9383400029}},
Times-Cited = {{394}},
Journal-ISO = {{Trans. Faraday Soc.}},
}
﻿
@article{Wigner1939,
Author = {Wigner, EP},
Title = {{Some remarks on the theory of reaction rates}},
Journal = {{JOURNAL OF CHEMICAL PHYSICS}},
Year = {{1939}},
Volume = {{7}},
Pages = {{646-650}},
DOI = {{10.1063/1.1750508}},
Times-Cited = {{36}},
Journal-ISO = {{J. Chem. Phys.}},
}

@article{Kramers1940,
Author = {Kramers, H A},
Title = {{Brownian motion in a field of force and the diffusion model of chemical
   reactions}},
Journal = {{PHYSICA}},
Year = {{1940}},
Volume = {{7}},
Pages = {{284-304}},
DOI = {{10.1016/S0031-8914(40)90098-2}},
Times-Cited = {{5375}},
Journal-ISO = {Physica}
}
﻿﻿
@article{Metropolis1953,
Author = {Metropolis, N and Rosenbluth, A W and Rosenbluth, M N and Teller, A H and
   Teller, E},
Title = {{Equation of state calculations by fast computing machines}},
Journal = {{JOURNAL OF CHEMICAL PHYSICS}},
Year = {{1953}},
Volume = {{21}},
Pages = {{1087-1092}},
DOI = {{10.1063/1.1699114}},
Times-Cited = {{14785}},
Journal-ISO = {{J. Chem. Phys.}},
}

@article{deVogelaere1955,
Author = {de Vogelaere, R and Boudart, M},
Title = {{Contribution to the theory of fast reaction rates}},
Journal = {{JOURNAL OF CHEMICAL PHYSICS}},
Year = {{1955}},
Volume = {{23}},
Pages = {{1236-1244}},
DOI = {{10.1063/1.1742248}},
Times-Cited = {{15}},
Journal-ISO = {{J. Chem. Phys.}},
}
﻿
@article{Kuhn1955,
author = {Kuhn, Harold W.},
title = {The Hungarian Method for the assignment problem}, 
journal = {Naval Research Logistics Quarterly}, 
volume = {2},
pages = {83–97}, 
year = {1955},
journal-iso = {Nav. Res. Logis. Quart.}, 
}

﻿@article{Marcus1956,
Author = {Marcus, R A},
Title = {{On the theory of oxidation-reduction reactions involving electron
   transfer .1.}},
Journal = {{JOURNAL OF CHEMICAL PHYSICS}},
Year = {{1956}},
Volume = {{24}},
Pages = {{966-978}},
DOI = {{10.1063/1.1742723}},
Times-Cited = {{3552}},
Journal-ISO = {{J. Chem. Phys.}},
}
﻿
@article{Kubo1957,
Author = {Kubo, R},
Title = {{Statistical-mechanical theory of irreversible processes .1. general
   theory and simple applications to magnetic and conduction problems}},
Journal = {{JOURNAL OF THE PHYSICAL SOCIETY OF JAPAN}},
Year = {{1957}},
Volume = {{12}},
Pages = {{570-586}},
DOI = {{10.1143/JPSJ.12.570}},
Times-Cited = {{5005}},
Journal-ISO = {{J. Phys. Soc. Jpn.}},
}

@article{Keck1958,
Author = {Keck, J C},
Title = {{Statistical theory of chemical reaction rates}},
Journal = {{JOURNAL OF CHEMICAL PHYSICS}},
Year = {{1958}},
Volume = {{29}},
Pages = {{410-415}},
DOI = {{10.1063/1.1744495}},
Times-Cited = {{72}},
Journal-ISO = {{J. Chem. Phys.}},
}
﻿﻿
@article{Eyring1962,
Author = {Eyring, H},
Title = {{Transmission coefficient in reaction rate}},
Journal = {{REVIEWS OF MODERN PHYSICS}},
Year = {{1962}},
Volume = {{34}},
Pages = {{616-\&}},
DOI = {{10.1103/RevModPhys.34.616}},
Times-Cited = {{4}},
Journal-ISO = {{Rev. Mod. Phys.}},
}

@article{Thiele1962,
Author = {Thiele, Everett},
Title = {{COMPARISON OF CLASSICAL THEORIES OF UNIMOLECULAR REACTIONS}},
Journal = {{JOURNAL OF CHEMICAL PHYSICS}},
Year = {{1962}},
Volume = {{36}},
Pages = {{1466-\&}},
DOI = {{10.1063/1.1732765}},
Times-Cited = {{38}},
Journal-ISO = {{J. Chem. Phys.}},
}
﻿
@article{Thiele1963,
Author = {Thiele, Everett},
Title = {{COMPARISON OF CLASSICAL THEORIES OF UNIMOLECULAR REACTIONS .2. A MODEL
   CALCULATION}},
Journal = {{JOURNAL OF CHEMICAL PHYSICS}},
Year = {{1963}},
Volume = {{38}},
Pages = {{1959-\&}},
DOI = {{10.1063/1.1733903}},
Times-Cited = {{138}},
Journal-ISO = {{J. Chem. Phys.}},
}
﻿﻿
@article{Bunker1964,
Author = {Bunker, D L},
Title = {{Monte Carlo calculations .4. further studies of unimolecular
   dissociation}},
Journal = {{JOURNAL OF CHEMICAL PHYSICS}},
Year = {{1964}},
Volume = {{40}},
Pages = {{1946}},
DOI = {{10.1063/1.1725427}},
Times-Cited = {{177}},
Journal-ISO = {{J. Chem. Phys.}},
}
﻿
@article{Secrest1966,
Author = {Secrest, D and Johnson, RB},
Title = {{Exact quantum-mechanical calculation of a collinear collision of a
   particle with a harmonic oscillator}},
Journal = {{JOURNAL OF CHEMICAL PHYSICS}},
Year = {{1966}},
Volume = {{45}},
Pages = {{4556}},
DOI = {{10.1063/1.1727537}},
Times-Cited = {{489}},
Journal-ISO = {{J. Chem. Phys.}},
}

@article{Verlet1967,
  author    = {Verlet, L.},
  title     = {computer experiments on classical fluids. I.
              thermodynamical properties of Lennard-Jones molecules},
  journal-iso   = {Phys. Rev.},
  pages     = {98},
  year      = {1967},
  volume    = {159}
}

@article{Bunker1973,
Author = {Bunker, D L and Hase, William L},
Title = {{Non-RRKM unimolecular kinetics - molecules in general, and CH3NC in
   particular}},
Journal = {{JOURNAL OF CHEMICAL PHYSICS}},
Year = {{1973}},
Volume = {{59}},
Pages = {{4621-4632}},
DOI = {{10.1063/1.1680672}},
Times-Cited = {{293}},
Journal-ISO = {{J. Chem. Phys.}},
}
﻿﻿﻿
@article{Bortz1975,
Author = {Bortz, A B and Kalos, M H and Lebowitz, J L},
Title = {{New algorithm for monte-carlo simulation of ising spin systems}},
Journal = {{JOURNAL OF COMPUTATIONAL PHYSICS}},
Year = {{1975}},
Volume = {{17}},
Pages = {{10-18}},
DOI = {{10.1016/0021-9991(75)90060-1}},
Times-Cited = {{1021}},
Journal-ISO = {{J. Comput. Phys.}},
}

@article{Pancir1975,
Author = {Panc\'i\v{r}, J},
Title = {{Calculation of least energy path on energy hypersurface}},
Journal = {{COLLECTION OF CZECHOSLOVAK CHEMICAL COMMUNICATIONS}},
Year = {{1975}},
Volume = {{40}},
Pages = {{1112-1118}},
Times-Cited = {{83}},
Journal-ISO = {{Collect. Czech. Chem. Commun.}},
}
﻿
@article{Gillespie1976,
Author = {Gillespie, D T},
Title = {{General method for numerically simulating stochastic time evolution of
   coupled chemical-reactions}},
Journal = {{JOURNAL OF COMPUTATIONAL PHYSICS}},
Year = {{1976}},
Volume = {{22}},
Pages = {{403-434}},
DOI = {{10.1016/0021-9991(76)90041-3}},
Times-Cited = {{1666}},
Journal-ISO = {{J. Comput. Phys.}},
}

@article{Miller1976,
Author = {Miller, W H},
Title = {{Importance of nonseparability in quantum-mechanical transition-state
   theory}},
Journal = {{ACCOUNTS OF CHEMICAL RESEARCH}},
Year = {{1976}},
Volume = {{9}},
Pages = {{306-312}},
DOI = {{10.1021/ar50104a005}},
Times-Cited = {{150}},
Journal-ISO = {{Accounts Chem. Res.}},
}
﻿
@article{Ryckaert1977,
Author = {Ryckaert, J P and Ciccotti, G and Berendsen, H J C},
Title = {{Numerical-integration of cartesian equations of motion of a system with
   constraints - molecular-dynamics of n-alkanes}},
Journal = {{JOURNAL OF COMPUTATIONAL PHYSICS}},
Year = {{1977}},
Volume = {{23}},
Pages = {{327-341}},
DOI = {{10.1016/0021-9991(77)90098-5}},
Times-Cited = {{7821}},
Journal-ISO = {{J. Comput. Phys.}},
}

@article{Chandler1978,
author = {Chandler, David},
journal-iso = {J. Chem. Phys.},
volume = {68},
pages = {2959},
year = {1978}
}
﻿﻿
@article{Grote1980,
Author = {Grote, R F and Hynes, J T},
Title = {{The stable states picture of chemical-reactions .2. rate constants for
   condensed and gas-phase reaction models}},
Journal = {{JOURNAL OF CHEMICAL PHYSICS}},
Year = {{1980}},
Volume = {{73}},
Pages = {{2715-2732}},
DOI = {{10.1063/1.440485}},
Times-Cited = {{1013}},
Journal-ISO = {{J. Chem. Phys.}},
}

@article{Nocedal1980,
Author = {Nocedal, J},
Title = {{Updating quasi-newton matrices with limited storage}},
Journal = {{MATHEMATICS OF COMPUTATION}},
Year = {{1980}},
Volume = {{35}},
Pages = {{773-782}},
DOI = {{10.2307/2006193}},
Times-Cited = {{487}},
Journal-ISO = {{Math. Comput.}},
}

@article{Truhlar1980,
Author = {Truhlar, D G and Garrett, B C},
Title = {{Variational transition-state theory}},
Journal = {{ACCOUNTS OF CHEMICAL RESEARCH}},
Year = {{1980}},
Volume = {{13}},
Pages = {{440-448}},
DOI = {{10.1021/ar50156a002}},
Times-Cited = {{638}},
Journal-ISO = {{Accounts Chem. Res.}},
}
﻿﻿﻿﻿
@article{Cerjan1981,
Author = {Cerjan, C J and Miller, W H},
Title = {{On finding transition-states}},
Journal = {{JOURNAL OF CHEMICAL PHYSICS}},
Year = {{1981}},
Volume = {{75}},
Pages = {{2800-2806}},
DOI = {{10.1063/1.442352}},
Times-Cited = {{508}},
Journal-ISO = {{J. Chem. Phys.}},
}
﻿
@article{Hase1983,
Author = {Hase, W L and Buckowski, D G and Swamy, K N},
Title = {{Dynamics of ethyl radical decomposition .3. effect of chemical
   activation vs microcanonical sampling}},
Journal = {{JOURNAL OF PHYSICAL CHEMISTRY}},
Year = {{1983}},
Volume = {{87}},
Pages = {{2754-2763}},
DOI = {{10.1021/j100238a014}},
Times-Cited = {{69}},
Journal-ISO = {{J. Phys. Chem.}},
}

@article{Berendsen1984,
Author = {Berendsen, H J C and Postma, J P M and van Gunsteren, W F and Dinola, A and
   Haak, JR},
Title = {{Molecular-dynamics with coupling to an external bath}},
Journal = {{JOURNAL OF CHEMICAL PHYSICS}},
Year = {{1984}},
Volume = {{81}},
Pages = {{3684-3690}},
DOI = {{10.1063/1.448118}},
Times-Cited = {{10270}},
Journal-ISO = {{J. Chem. Phys.}},
}
﻿
@article{Nose1984,
Author = {Nos\'e, S},
Title = {{A unified formulation of the constant temperature molecular-dynamics
   methods}},
Journal = {{JOURNAL OF CHEMICAL PHYSICS}},
Year = {{1984}},
Volume = {{81}},
Pages = {{511-519}},
Times-Cited = {{3806}},
Journal-ISO = {{J. Chem. Phys.}},
}

﻿@article{Hoover1985,
Author = {Hoover, W G},
Title = {{Canonical dynamics - equilibrium phase-space distributions}},
Journal = {{PHYSICAL REVIEW A}},
Year = {{1985}},
Volume = {{31}},
Pages = {{1695-1697}},
DOI = {{10.1103/PhysRevA.31.1695}},
Times-Cited = {{5070}},
Journal-ISO = {{Phys. Rev. A}},
}
﻿﻿﻿
@book{Holodniok1986,
author = {Holodniok, M. and Kl\'{i}\v{c}, A. and Kub\'{i}\v{c}ek, M. and Marek, M.}, 
title = {Metody anal\'{y}zy neline\'{a}rn\'{i}ch dynamick\'{y}ch model\r{u}}, 
publisher = {Academia}, 
address = {Praha}, 
year = {1986}
}

@article{Pollak1986,
Author = {Pollak, E},
Title = {{Theory of activated rate-processes - a new derivation of kramers
   expression}},
Journal = {{JOURNAL OF CHEMICAL PHYSICS}},
Year = {{1986}},
Volume = {{85}},
Pages = {{865-867}},
DOI = {{10.1063/1.451294}},
Times-Cited = {{290}},
Journal-ISO = {{J. Chem. Phys.}},
}

@article{Pratt1986,
Author = {Pratt, L R},
Title = {{A statistical-method for identifying transition-states in high
   dimensional problems}},
Journal = {{JOURNAL OF CHEMICAL PHYSICS}},
Year = {{1986}},
Volume = {{85}},
Pages = {{5045-5048}},
DOI = {{10.1063/1.451695}},
Times-Cited = {{159}},
Journal-ISO = {{J. Chem. Phys.}},
}
﻿
@article{Swendsen1986,
Author = {Swendsen, R H and Wang, J S},
Title = {{REPLICA MONTE-CARLO SIMULATION OF SPIN-GLASSES}},
Journal = {{PHYSICAL REVIEW LETTERS}},
Year = {{1986}},
Volume = {{57}},
Pages = {{2607-2609}},
DOI = {{10.1103/PhysRevLett.57.2607}},
Times-Cited = {{539}},
Journal-ISO = {{Phys. Rev. Lett.}},
}

@article{Jonker1987,
Author = {Jonker, R and Volgenant, A},
Title = {{A shortest augmenting path algorithm for dense and sparse linear
   assignment problems}},
Journal = {{COMPUTING}},
Year = {{1987}},
Volume = {{38}},
Pages = {{325-340}},
DOI = {{10.1007/BF02278710}},
Times-Cited = {{273}},
Journal-ISO = {{Computing}},
}

@article{Carter1989,
Author = {Carter, E A and Ciccotti, G and Hynes, J T and Kapral, R},
Title = {{Constrained reaction coordinate dynamics for the simulation of rare
   events}},
Journal = {{CHEMICAL PHYSICS LETTERS}},
Year = {{1989}},
Volume = {{156}},
Pages = {{472-477}},
DOI = {{10.1016/S0009-2614(89)87314-2}},
Times-Cited = {{433}},
Journal-ISO = {{Chem. Phys. Lett.}},
}
﻿
@article{Kearsley1989,
Author = {Kearsley, S K},
Title = {{On the orthogonal transformation used for structural comparisons}},
Journal = {{ACTA CRYSTALLOGRAPHICA SECTION A}},
Year = {{1989}},
Volume = {{45}},
Pages = {{208-210}},
DOI = {{10.1107/S0108767388010128}},
Times-Cited = {{161}},
Journal-ISO = {{Acta Crystallogr. Sect. A}},
}

@article{Hanggi1990,
Author = {Hanggi, P and Talkner, P and Borkovec, M},
Title = {{Reaction rate theory - 50 years after Kramers}},
Journal = {{REVIEWS OF MODERN PHYSICS}},
Year = {{1990}},
Volume = {{62}},
Pages = {{251-341}},
DOI = {{10.1103/RevModPhys.62.251}},
Times-Cited = {{3158}},
Journal-ISO = {{Rev. Mod. Phys.}},
}
﻿﻿
@article{Wiggins1990,
Author = {Wiggins, S},
Title = {{On the geometry of transport in phase-space .1. transport in
   k-degree-of-freedom hamiltonian-systems, 2 less-than-or-equal-to k
   less-than infinity}},
Journal = {{PHYSICA D}},
Year = {{1990}},
Volume = {{44}},
Pages = {{471-501}},
DOI = {{10.1016/0167-2789(90)90159-M}},
Times-Cited = {{59}},
Journal-ISO = {{Physica D}},
}
﻿
@article{Fichthorn1991,
Author = {Fichthorn, K A and Weinberg, W H},
Title = {{Theoretical foundations of dynamic Monte-Carlo simulations}},
Journal = {{JOURNAL OF CHEMICAL PHYSICS}},
Year = {{1991}},
Volume = {{95}},
Pages = {{1090-1096}},
DOI = {{10.1063/1.461138}},
Times-Cited = {{561}},
Journal-ISO = {{J. Chem. Phys.}},
}

@article{Paci1991,
Author = {Paci, E and Ciccotti, G and Ferrario, M and Kapral, R},
Title = {{Activation-energies by molecular-dynamics with constraints}},
Journal = {{CHEMICAL PHYSICS LETTERS}},
Year = {{1991}},
Volume = {{176}},
Pages = {{581-587}},
DOI = {{10.1016/0009-2614(91)90259-C}},
Times-Cited = {{65}},
Journal-ISO = {{Chem. Phys. Lett.}},
}
﻿﻿
@article{Gillespie1992,
Author = {Gillespie, D T},
Title = {{A rigorous derivation of the chemical master equation}},
Journal = {{PHYSICA A}},
Year = {{1992}},
Volume = {{188}},
Pages = {{404-425}},
DOI = {{10.1016/0378-4371(92)90283-V}},
Times-Cited = {{306}},
Journal-ISO = {{Physica A}},
}
﻿﻿
@article{Paci1992,
Author = {Paci, E and Ciccotti, G},
Title = {{Vacancy migration rates by molecular-dynamics with constraints}},
Journal = {{JOURNAL OF PHYSICS-CONDENSED MATTER}},
Year = {{1992}},
Volume = {{4}},
Pages = {{2173-2184}},
DOI = {{10.1088/0953-8984/4/9/011}},
Times-Cited = {{11}},
Journal-ISO = {{J. Phys. Condens. Matter}},
}

@article{Tuckerman1992,
Author = {Tuckerman, M and Berne, B J and Martyna, G J},
Title = {{Reversible multiple time scale molecular-dynamics}},
Journal = {{JOURNAL OF CHEMICAL PHYSICS}},
Year = {{1992}},
Volume = {{97}},
Pages = {{1990-2001}},
DOI = {{10.1063/1.463137}},
Times-Cited = {{1316}},
Journal-ISO = {{J. Chem. Phys.}},
}

@book{vanKampen1992,
title = {Stochastic Processes in Physics and Chemistry},
author = {van Kampen, N G},
year = {1992},
publisher = {Elsevier}
}﻿
﻿
@article{Paterson1996,
Author = {Paterson, M and Przytycka, T},
Title = {{On the complexity of string folding}},
Journal = {{DISCRETE APPLIED MATHEMATICS}},
Year = {{1996}},
Volume = {{71}},
Pages = {{217-230}},
DOI = {{10.1016/S0166-218X(96)00065-0}},
Times-Cited = {{10}},
Journal-ISO = {{Discret Appl. Math.}},
}

@article{Truhlar1996,
author = {Truhlar, Donald G. and Garrett, Bruce C. and Klippenstein, Stephen J.},
title = {Current Status of Transition-State Theory},
journal = {The Journal of Physical Chemistry},
volume = {100},
pages = {12771-12800},
year = {1996},
doi = {10.1021/jp953748q},
journal-iso = {J. Phys. Chem.},
}
﻿﻿
@article{Becker1997,
 author  = {O. M. Becker and M. Karplus},
 title = {The topology of multidimensional potential energy surfaces: theory and application to peptide structure and kinetics},
 Journal = {{JOURNAL OF CHEMICAL PHYSICS}},
 Journal-ISO = {{J. Chem. Phys.}},
 year    = {1997},
 volume  = {106},
 pages   = {1495-1517}
}

@article{Muller1997,
Author = {Muller, R and Talkner, P and Reimann, P},
Title = {{Rates and mean first passage times}},
Journal = {{PHYSICA A-STATISTICAL MECHANICS AND ITS APPLICATIONS}},
Year = {{1997}},
Volume = {{247}},
Pages = {{338-356}},
DOI = {{10.1016/S0378-4371(97)00390-7}},
Times-Cited = {{7}},
Journal-ISO = {{Physica A}},
}
﻿
@article{Saff1997,
Author = {Saff, E B and Kuijlaars, A B J},
Title = {{Distributing many points on a sphere}},
Journal = {{MATHEMATICAL INTELLIGENCER}},
Year = {{1997}},
Volume = {{19}},
Pages = {{5-11}},
Times-Cited = {{255}},
Journal-ISO = {{Math. Intell.}},
}

@article{Shalashilin1997,
Author = {Shalashilin, D V and Thompson, D L},
Title = {{Method for predicting IVR-limited unimolecular reaction rate
   coefficients}},
Journal = {{JOURNAL OF CHEMICAL PHYSICS}},
Year = {{1997}},
Volume = {{107}},
Pages = {{6204-6212}},
DOI = {{10.1063/1.474285}},
Times-Cited = {{19}},
Journal-ISO = {{J. Chem. Phys.}},
}

@article{Villa1997,
Author = {Villa, J and Truhlar, D G},
Title = {{Variational transition state theory without the minimum-energy path}},
Journal = {{THEORETICAL CHEMISTRY ACCOUNTS}},
Year = {{1997}},
Volume = {{97}},
Pages = {{317-323}},
DOI = {{10.1007/s002140050267}},
Times-Cited = {{79}},
Journal-ISO = {{Theor. Chem. Acc.}},
}
﻿
@article{Voter1997,
  author    = {Voter, A. F.},
  title     = {a method for accelerating the molecular dynamics
              simulation of infrequent events},
  journal-iso   = {J. Chem. Phys.},
  pages     = {4665},
  year      = {1997},
  volume    = {106},
  OPTnote      = {hyperMD}
}

@article{Bolhuis1998,
Author = {Bolhuis, P G and Dellago, C and Chandler, D},
Title = {{Sampling ensembles of deterministic transition pathways}},
Journal = {{FARADAY DISCUSSIONS}},
Year = {{1998}},
Volume = {{110}},
Pages = {{421-436}},
DOI = {{10.1039/a801266k}},
Times-Cited = {{182}},
Journal-ISO = {{Farad. Discuss.}},
}
﻿﻿
@article{Crescenzi1998,
Author = {Crescenzi, P and Goldman, D and Papadimitriou, C and Piccolboni, A and
   Yannakakis, M},
Title = {{On the complexity of protein folding}},
Journal = {{JOURNAL OF COMPUTATIONAL BIOLOGY}},
Year = {{1998}},
Volume = {{5}},
Pages = {{423-465}},
DOI = {{10.1089/cmb.1998.5.423}},
Times-Cited = {{93}},
Journal-ISO = {{J. Comput. Biol.}},
}

@article{Dellago1998a,
Author = {Dellago, C and Bolhuis, P G and Csajka, F S and Chandler, D},
Title = {{Transition path sampling and the calculation of rate constants}},
Journal = {{JOURNAL OF CHEMICAL PHYSICS}},
Year = {{1998}},
Volume = {{108}},
Pages = {{1964-1977}},
DOI = {{10.1063/1.475562}},
Times-Cited = {{470}},
Journal-ISO = {{J. Chem. Phys.}},
}
﻿
@article{Dellago1998b,
Author = {Dellago, C and Bolhuis, PG and Chandler, D},
Title = {{Efficient transition path sampling: Application to Lennard-Jones cluster
   rearrangements}},
Journal = {{JOURNAL OF CHEMICAL PHYSICS}},
Year = {{1998}},
Volume = {{108}},
Pages = {{9236-9245}},
DOI = {{10.1063/1.476378}},
Times-Cited = {{169}},
Journal-ISO = {{J. Chem. Phys.}},
}
﻿
@article{Fast1998,
  author    = {Fast, P. L. and Truhlar, D. G.},
  title     = {Variational reaction path algorithm},
  journal-ISO   = {J. Chem. Phys.},
  year      = {1998},
  volume    = {109},
  pages     = {3721-3729},
}

﻿@article{Hase1998,
Author = {Hase, William L},
Title = {{Some recent advances and remaining questions regarding unimolecular rate
   theory}},
Journal = {{ACCOUNTS OF CHEMICAL RESEARCH}},
Year = {{1998}},
Volume = {{31}},
Pages = {{659-665}},
DOI = {{10.1021/ar970156c}},
Times-Cited = {{62}},
Journal-ISO = {{Acc. Chem. Res.}},
}

@article{Sprik1998,
Author = {Sprik, M and Ciccotti, G},
Title = {{Free energy from constrained molecular dynamics}},
Journal = {{JOURNAL OF CHEMICAL PHYSICS}},
Year = {{1998}},
Volume = {{109}},
Pages = {{7737-7744}},
DOI = {{10.1063/1.477419}},
Times-Cited = {{322}},
Journal-ISO = {{J. Chem. Phys.}},
}
﻿
@article{Voter1998,
author    = {Voter, A. F.},
title     = {Parallel replica method for dynamics of infrequent
            events},
year      = {1998},
volume    = {57},
pages     = {13985-13988},
journal-iso = {Phys. Rev. B}
}

@article{Dellago1999,
  author    = {Dellago, C. and Bolhuis, P. G. and Chandler, D.},
  title     = {On the calculation of reaction rate constants in the
              transition path ensemble},
  journal-iso   = {J. Chem. Phys.},
  year      = {1999},
  volume    = {110},
  pages     = {6617-6625},
}

@article{Guo1999,
  author    = {Guo,  Y. and Shalashilin,  D. V. and Krouse,  J. A. and
              Thompson,  D. L.},
  title     = {Predicting nonstatistical unimolecular reaction rates
              using Kramers' theory},
  journal-iso   = {J. Chem. Phys.},
  year      = {1999},
  volume    = {110},
  pages     = {5514-5520}
}
﻿﻿﻿
@article{Wales1999,
Author = {Wales, D J and Scheraga, H A},
Title = {{Review: Chemistry - Global optimization of clusters, crystals, and
   biomolecules}},
Journal = {{SCIENCE}},
Year = {{1999}},
Volume = {{285}},
Pages = {{1368-1372}},
DOI = {{10.1126/science.285.5432.1368}},
Times-Cited = {{453}},
Journal-ISO = {{Science}},
}

@article{Henkelman2000,
Author = {Henkelman, G and Uberuaga, B P and Jonsson, H},
Title = {{A climbing image nudged elastic band method for finding saddle points
   and minimum energy paths}},
Journal = {{JOURNAL OF CHEMICAL PHYSICS}},
Year = {{2000}},
Volume = {{113}},
Pages = {{9901-9904}},
DOI = {{10.1063/1.1329672}},
Times-Cited = {{1884}},
Journal-ISO = {{J. Chem. Phys.}},
}

@article{Sorensen2000,
Author = {Sorensen, M R and Voter, A F},
Title = {{Temperature-accelerated dynamics for simulation of infrequent events}},
Journal = {{JOURNAL OF CHEMICAL PHYSICS}},
Year = {{2000}},
Volume = {{112}},
Pages = {{9599-9606}},
Times-Cited = {{243}},
Journal-ISO = {{J. Chem. Phys.}},
}

@ARTICLE{Wang2001,
  author    = {Wang, J. C. and Pal, S. and Fichthorn, K. A.},
  title     = {Accelerated molecular dynamics of rare events using the local
              boost method - art. no. 085403},
  journal-iso   = {Phys. Rev. B},
  year      = {2001},
  volume    = {63},
  pages     = {85403}
}

@article{Bolhuis2002,
Author = {Bolhuis, P G and Chandler, D and Dellago, C and Geissler, P L},
Title = {{Transition path sampling: Throwing ropes over rough mountain passes, in
   the dark}},
Journal = {{ANNUAL REVIEW OF PHYSICAL CHEMISTRY}},
Year = {{2002}},
Volume = {{53}},
Pages = {{291-318}},
DOI = {{10.1146/annurev.physchem.53.082301.113146}},
Times-Cited = {{577}},
Journal-ISO = {{Annu. Rev. Phys. Chem.}},
}
﻿
@ARTICLE{Calvo2002,
  author    = {Calvo, F.},
  title     = {Sampling along reaction coordinates with the Wang-Landau method},
  journal-iso   = {Mol. Phys.},
  year      = {2002},
  volume    = {100},
  pages     = {3421-3428}
}

@incollection{Dellago2002,
Author = {Dellago, C and Bolhuis, P G and Geissler, P L},
Title = {{Transition path sampling}},
Booktitle = {{ADVANCES IN CHEMICAL PHYSICS, VOL 123}},
Series = {{ADVANCES IN CHEMICAL PHYSICS}},
Year = {{2002}},
Volume = {{123}},
Pages = {{1-78}},
Publisher = {{JOHN WILEY \& SONS INC}},
DOI = {{10.1002/0471231509.ch1}},
Times-Cited = {{238}},
}
﻿
@book{Frenkel2002,
author = {Frenkel, Daan and Smit, Berend}, 
title = {Understanding Molecular Simulations: from Algorithms to Applications}, 
publisher = {Academic Press}, 
address = {San Diego}, 
year = {2002}
}

@ARTICLE{Laio2002,
  author    = {Laio, A. and Parrinello, M.},
  title     = {Escaping free-energy minima},
  journal-iso   = {Proc. Nat. Acad. Sci. USA},
  year      = {2002},
  volume    = {99},
  pages     = {12562-12576}
}
﻿
@article{Uzer2002,
Author = {Uzer, T and Jaffe, C and Palacian, J and Yanguas, P and Wiggins, S},
Title = {{The geometry of reaction dynamics}},
Journal = {{NONLINEARITY}},
Year = {{2002}},
Volume = {{15}},
Pages = {{957-992}},
DOI = {{10.1088/0951-7715/15/4/301}},
Times-Cited = {{125}},
Journal-ISO = {{Nonlinearity}},
}

@article{Weinan2002a,
Author = {Weinan, E and Ren, W Q and Vanden-Eijnden, E},
Title = {{String method for the study of rare events}},
Journal = {{PHYSICAL REVIEW B}},
Year = {{2002}},
Volume = {{66}},
DOI = {{10.1103/PhysRevB.66.052301}},
Times-Cited = {{126}},
Journal-ISO = {{Phys. Rev. B}},
}
﻿
@article{Wales2002,
Author = {Wales, DJ},
Title = {{Discrete path sampling}},
Journal = {{MOLECULAR PHYSICS}},
Year = {{2002}},
Volume = {{100}},
Pages = {{3285-3305}},
DOI = {{10.1080/00268970210162691}},
Times-Cited = {{104}},
Journal-ISO = {{Mol. Phys.}},
}

@ARTICLE{Weinan2002b,
   AUTHOR  = {E, Weinan and Ren, Weiqing and Vanden-Eijnden, Eric},
   TITLE   = {Energy landscapes and rare events},
   YEAR    = {2002},
   JOURNAL = {arXiv preprint},
   PAGES   = {arXiv:math/0212415 }
}

@ARTICLE{ColuzzaSC03,
  author    = {Coluzza, I. and Sprik, M. and Ciccotti, G.},
  title     = {Constrained reaction coordinate dynamics for systems with
              constraints},
  journal   = {Mol. Phys.},
  year      = {2003},
  volume    = {101},
  pages     = {2885-2894}
}

@ARTICLE{vanErp2003,
  author    = {van Erp, T. S. and Moroni, D. and Bolhuis, P. G.},
  title     = {A novel path sampling method for the calculation of rate
              constants},
  journal-iso   = {J. Chem. Phys.},
  year      = {2003},
  volume    = {118},
  pages     = {7762-7774}
}

@book{Wales2003,
author = {Wales, D. J. }, 
title = {Energy Landscapes}, 
publisher = {Cambridge University Press}, 
address = {Cambridge}, 
year = {2003}
}

@ARTICLE{Faradjian2004,
  author    = {Faradjian, A. K. and Elber, R.},
  title     = {Computing time scales from reaction coordinates by milestoning},
  journal-iso   = {J. Chem. Phys.},
  year      = {2004},
  volume    = {120},
  pages     = {10880-10889}
} 
﻿
@article{Hamelberg2004,
Author = {Hamelberg, D and Mongan, J and McCammon, JA},
Title = {{Accelerated molecular dynamics: A promising and efficient simulation
   method for biomolecules}},
Journal = {{JOURNAL OF CHEMICAL PHYSICS}},
Year = {{2004}},
Volume = {{120}},
Pages = {{11919-11929}},
DOI = {{10.1063/1.1755656}},
Times-Cited = {{226}},
Journal-ISO = {{J. Chem. Phys.}},
}

@ARTICLE{Hummer04,
  author    = {Hummer, G.},
  title     = {From transition paths to transition states and rate
              coefficients},
  journal   = {J. Chem. Phys.},
  year      = {2004},
  volume    = {120},
  pages     = {516-523}
}

@ARTICLE{Moroni2004,
  author    = {Moroni, D. and Bolhuis, P. G. and van Erp, T. S.},
  title     = {Rate constants for diffusive processes by partial path
              sampling},
  journal-iso   = {J. Chem. Phys.},
  year      = {2004},
  volume    = {120},
  pages     = {4055-4065}
}

@ARTICLE{NangiaJMT04,
  author    = {Nangia, S. and Jasper, A. W. and Miller, T. F. and Truhlar, D.
              G.},
  title     = {Army ants algorithm for rare event sampling of delocalized
              nonadiabatic transitions by trajectory surface hopping and the
              estimation of sampling errors by the bootstrap method},
  journal   = {J. Chem. Phys.},
  year      = {2004},
  volume    = {120},
  pages     = {3586-3597}
}

@ARTICLE{PetersBC04,
  author    = {Peters, B. and Bell, A. T. and Chakraborty, A.},
  title     = {Rate constants from the reaction path Hamiltonian. I. Reactive
              flux simulations for dynamically correct rates},
  journal   = {J. Chem. Phys.},
  year      = {2004},
  volume    = {121},
  pages     = {4453-4460}
}

@ARTICLE{QiuH04,
  author    = {Qiu, L. and Hagen, S. J.},
  title     = {Internal friction in the ultrafast folding of the tryptophan
              cage},
  journal   = {Chem. Phys.},
  year      = {2004},
  volume    = {307},
  pages     = {243-249}
}

@ARTICLE{Singhal2004,
  author    = {Singhal, N. and Snow, C. D. and Pande, V. S.},
  title     = {Using path sampling to build better Markovian state models:
              Predicting the folding rate and mechanism of a tryptophan
              zipper beta hairpin},
  journal-iso   = {J. Chem. Phys.},
  year      = {2004},
  volume    = {121},
  pages     = {415-425}
} 

@article{Trygubenko2004,
title = {A Doubly Nudged Elastic Band Method for Finding Transition States},
author = {S. A. Trygubenko and D. J. Wales},
journal-iso = {J. Chem. Phys.}, 
volume = {120}, 
pages = {2082}, 
year = {2004} 
}

@ARTICLE{Best2005,
  author    = {Best, R. B. and Hummer, G.},
  title     = {Reaction coordinates and rates from transition paths},
  journal-iso   = {Proc. Nat. Acad. Sci. USA},
  year      = {2005},
  volume    = {102},
  pages     = {6732-6737}
}

@article{Ciccotti2005,
Author = {Ciccotti, G and Kapral, R and Vanden-Eijnden, E},
Title = {{Blue moon sampling, vectorial reaction coordinates, and unbiased
   constrained dynamics}},
Journal = {{CHEMPHYSCHEM}},
Year = {{2005}},
Volume = {{6}},
Pages = {{1809-1814}},
DOI = {{10.1002/cphc.200400669}},
Times-Cited = {{41}},
Journal-ISO = {{ChemPhysChem}},
}
﻿﻿
@article{Earl2005,
Author = {Earl, D J and Deem, M W},
Title = {{Parallel tempering: Theory, applications, and new perspectives}},
Journal = {{PHYSICAL CHEMISTRY CHEMICAL PHYSICS}},
Year = {{2005}},
Volume = {{7}},
Pages = {{3910-3916}},
DOI = {{10.1039/b509983h}},
Times-Cited = {{238}},
Journal-ISO = {{Phys. Chem. Chem. Phys.}},
}

@ARTICLE{Jaffe2005,
  author    = {Jaffe, C. and Kawai, S. and Palacian, J. and Yanguas, P. and
              Uzer, T.},
  title     = {A New Look at the Transition State: Wigner's Dynamical
              Perspective Revisited},
  journal-iso   = {Advances Chem. Phys.},
  year      = {2005},
  volume    = {130},
  pages     = {171-216}
}

@ARTICLE{Moroni2005a,
  author    = {Moroni, D. and van Erp, T. S. and Bolhuis, P. G.},
  title     = {Simultaneous computation of free energies and kinetics of rare
              events (5 pages)},
  journal-iso   = {Phys. Rev. E},
  year      = {2005},
  volume    = {71},
  pages     = {056709},
}

@PhdThesis{Moroni2005b,
           title = {Efficient Sampling of Rare Event Pathways},
          author = {Daniele Moroni},
          school = {Universiteit van Amsterdam},
           month = April,
            year = 2005,
}

@article{Pollak2005,
Author = {Pollak, E and Talkner, P},
Title = {Reaction rate theory: What it was, where is it today, and where is it
   going?},
Journal = {CHAOS},
Year = 2005,
Volume = {15},
DOI = {10.1063/1.1858782},
pages = 47,
Times-Cited = {96},
Journal-ISO = {Chaos}
}
﻿
@article{Ren2005,
Author = {Ren, W and Vanden-Eijnden, Eric and Maragakis, P and E, W N},
Title = {{Transition pathways in complex systems: Application of the
   finite-temperature string method to the alanine dipeptide}},
Journal = {{JOURNAL OF CHEMICAL PHYSICS}},
Year = {{2005}},
Volume = {{123}},
DOI = {{10.1063/1.2013256}},
Times-Cited = {{64}},
Journal-ISO = {{J. Chem. Phys.}},
}
﻿﻿
@article{Vanden-Eijnden2005,
Author = {Vanden-Eijnden, E and Tal, F A},
Title = {{Transition state theory: Variational formulation, dynamical corrections,
   and error estimates}},
Journal = {{JOURNAL OF CHEMICAL PHYSICS}},
Year = {{2005}},
Volume = {{123}},
DOI = {{10.1063/1.2102898}},
Times-Cited = {{39}},
Journal-ISO = {{J. Chem. Phys.}},
}

@article{Weinan2005,
Author = {Weinan, E and Ren, W Q and Vanden-Eijnden, Eric},
Title = {{Transition pathways in complex systems: Reaction coordinates,
   isocommittor surfaces, and transition tubes}},
Journal = {{CHEMICAL PHYSICS LETTERS}},
Year = {{2005}},
Volume = {{413}},
Pages = {{242-247}},
DOI = {{10.1016/j.cplett.2005.07.084}},
Times-Cited = {{40}},
Journal-ISO = {{Chem. Phys. Lett.}},
}
﻿
@ARTICLE{Allen2006,
  author    = {Allen, R. J. and Frenkel, D. and Wolde, P. R. t.},
  title     = {Simulating rare events in equilibrium or nonequilibrium
              stochastic systems (16 pages).},
  journal-iso   = {J. Chem. Phys.},
  year      = {2006},
  volume    = {124},
  pages     = {024102}
}
﻿
@article{Chodera2006a,
Author = {Chodera, John D. and Swope, William C. and Pitera, Jed W. and Dill, Ken
   A.},
Title = {{Long-time protein folding dynamics from short-time molecular dynamics
   simulations}},
Journal = {{MULTISCALE MODELING \& SIMULATION}},
Year = {{2006}},
Volume = {{5}},
Pages = {{1214-1226}},
DOI = {{10.1137/06065146X}},
Times-Cited = {{77}},
Journal-ISO = {{Multiscale Model. Simul.}},
}

@PhdThesis{Chodera2006b,
           title = {Master equation models of macromolecular dynamics from atomistic simulation},
          author = {Chodera, John D.},
          school = {UCSF},
            year = 2006,
}
﻿
@article{Gohlke2006,
Author = {Gohlke, Holger and Thorpey, M. F.},
Title = {{A natural coarse graining for simulating large biomolecular motion}},
Journal = {{BIOPHYSICAL JOURNAL}},
Year = {{2006}},
Volume = {{91}},
Pages = {{2115-2120}},
DOI = {{10.1529/biophysj.106.083568}},
Times-Cited = {{63}},
Journal-ISO = {{Biophys. J.}},
}

@article{Juraszek2006,
author = {J. Juraszek and P. G. Bolhuis}, 
journal-iso = {Proc. Natl. Acad. Sci. USA},
title = {Sampling the multiple folding mechanisms of Trp-cage in explicit solvent},
volume = {103}, 
pages = {15899-15864}, 
year = {2006} 
}
﻿
@article{Kasson2006,
Author = {Kasson, Peter M. and Kelley, Nicholas W. and Singhal, Nina and Vrljic,
   Marija and Brunger, Axel T. and Pande, Vijay S.},
Title = {{Ensemble molecular dynamics yields submillisecond kinetics and
   intermediates of membrane fusion}},
Journal = {{PROCEEDINGS OF THE NATIONAL ACADEMY OF SCIENCES OF THE UNITED STATES OF
   AMERICA}},
Year = {{2006}},
Volume = {{103}},
Pages = {{11916-11921}},
DOI = {{10.1073/pnas.0601597103}},
Times-Cited = {{77}},
Journal-ISO = {{Proc. Natl. Acad. Sci. USA}},
}

@article{Martinez-Nunez2006,
Author = {Martinez-Nunez, Emilio and Shalashilin, Dmitrii V.},
Title = {{Acceleration of classical mechanics by phase space constraints}},
Journal = {{JOURNAL OF CHEMICAL THEORY AND COMPUTATION}},
Year = {{2006}},
Volume = {{2}},
Pages = {{912-919}},
DOI = {{10.1021/ct060042z}},
Times-Cited = {{6}},
Journal-ISO = {{J. Chem. Theory Comput.}},
}
﻿
@article{Shalloway2006,
Author = {Shalloway, D and Faradjian, A K},
Title = {{Efficient computation of the first passage time distribution of the
   generalized master equation by steady-state relaxation}},
Journal = {{JOURNAL OF CHEMICAL PHYSICS}},
Year = {{2006}},
Volume = {{124}},
DOI = {{10.1063/1.2161211}},
Times-Cited = {{17}},
Journal-ISO = {{J. Chem. Phys.}},
}
﻿﻿﻿
@article{Wales2006,
Author = {Wales, David J.},
Title = {{Energy landscapes: calculating pathways and rates}},
Journal = {{INTERNATIONAL REVIEWS IN PHYSICAL CHEMISTRY}},
Year = {{2006}},
Volume = {{25}},
Pages = {{237-282}},
DOI = {{10.1080/01442350600676921}},
Times-Cited = {{64}},
Journal-ISO = {{Int. Rev. Phys. Chem.}},
}

@book{Chipot2007,
title = {Free Energy Calculations},
editor = {Chipot, C and Pohorille, A},
year = {2007},
publisher = {Springer}
}﻿

@article{Chodera2007,
Author = {Chodera, John D. and Singhal, Nina and Pande, Vijay S. and Dill, Ken A.
   and Swope, William C.},
Title = {{Automatic discovery of metastable states for the construction of Markov
   models of macromolecular conformational dynamics}},
Journal = {{JOURNAL OF CHEMICAL PHYSICS}},
Year = {{2007}},
Volume = {{126}},
DOI = {{10.1063/1.2714538}},
Times-Cited = {{162}},
Journal-ISO = {{J. Chem. Phys.}},
}

@ARTICLE{WestS07,
  author    = {West, A. M. A. and Elber, R. and Shalloway, D.},
  title     = {Extending molecular dynamics time scales with milestoning:
              Example of complex kinetics in a solvated peptide (14 pages).},
  journal   = {J. Chem. Phys.},
  year      = {2007},
  volume    = {126},
  pages     = {145104}
}

@article{Gruenwald2008,
Author = {Gruenwald, Michael and Dellago, Christoph and Geissler, Phillip L.},
Title = {{Precision shooting: Sampling long transition pathways}},
Journal = {{JOURNAL OF CHEMICAL PHYSICS}},
Year = {{2008}},
Volume = {{129}},
DOI = {{10.1063/1.2978000}},
Times-Cited = {{10}},
Journal-ISO = {{J. Chem. Phys.}},
}
﻿﻿﻿﻿
@article{Kelley2008,
Author = {Kelley, Nicholas W. and Vishal, V. and Krafft, Grant A. and Pande, Vijay
   S.},
Title = {{Simulating oligomerization at experimental concentrations and long
   timescales: A Markov state model approach}},
Journal = {{JOURNAL OF CHEMICAL PHYSICS}},
Year = {{2008}},
Volume = {{129}},
DOI = {{10.1063/1.3010881}},
Times-Cited = {{13}},
Journal-ISO = {{J. Chem. Phys.}},
}

@article{Kleinerman2008,
Author = {Kleinerman, Dana S. and Czaplewski, Cezary and Liwo, Adam and Scheraga,
   Harold A.},
Title = {{Implementations of Nose-Hoover and Nose-Poincare thermostats in
   mesoscopic dynamic simulations with the united-residue model of a
   polypeptide chain}},
Journal = {{JOURNAL OF CHEMICAL PHYSICS}},
Year = {{2008}},
Volume = {{128}},
DOI = {{10.1063/1.2943146}},
Times-Cited = {{6}},
Journal-ISO = {{J. Chem. Phys.}},
}

@ARTICLE{Nadler2008,
  author    = {Nadler, W. and Meinke, J. H. and Hansmann, U. H. E.},
  title     = {Folding proteins by first-passage-times-optimized replica
              exchange (4 pages).},
  journal-iso   = {Phys. Rev. E},
  year      = {2008},
  volume    = {78},
  pages     = {061905},
  OPTnote      = {mfpt}
}
﻿
@article{Noe2008,
Author = {Noe, Frank and Fischer, Stefan},
Title = {{Transition networks for modeling the kinetics of conformational change
   in macromolecules}},
Journal = {{CURRENT OPINION IN STRUCTURAL BIOLOGY}},
Year = {{2008}},
Volume = {{18}},
Pages = {{154-162}},
DOI = {{10.1016/j.sbi.2008.01.008}},
Times-Cited = {{105}},
Journal-ISO = {{Curr. Opin. Struct. Biol.}},
}
﻿
@article{Noid2008,
Author = {Noid, W. G. and Chu, Jhih-Wei and Ayton, Gary S. and Krishna, Vinod and
   Izvekov, Sergei and Voth, Gregory A. and Das, Avisek and Andersen, Hans
   C.},
Title = {{The multiscale coarse-graining method. I. A rigorous bridge between
   atomistic and coarse-grained models}},
Journal = {{JOURNAL OF CHEMICAL PHYSICS}},
Year = {{2008}},
Volume = {{128}},
DOI = {{10.1063/1.2938860}},
Times-Cited = {{140}},
Journal-ISO = {{J. Chem. Phys.}},
}

@ARTICLE{Vanden-Eijnden2008,
  author    = {Vanden-Eijnden, E. and Venturoli, M. and Ciccotti, G. and
              Elber, R.},
  title     = {On the assumptions underlying milestoning (13 pages).},
  journal-iso   = {J. Chem. Phys.},
  year      = {2008},
  volume    = {129},
  pages     = {174102}
}
﻿﻿
@article{Allen2009,
Author = {Allen, Rosalind J. and Valeriani, Chantal and ten Wolde, Pieter Rein},
Title = {{Forward flux sampling for rare event simulations}},
Journal = {{JOURNAL OF PHYSICS-CONDENSED MATTER}},
Year = {{2009}},
Volume = {{21}},
DOI = {{10.1088/0953-8984/21/46/463102}},
Times-Cited = {{39}},
Journal-ISO = {{J. Phys. Condens. Matter}},
}

@article{Bowman2009a,
Author = {Bowman, Gregory R. and Huang, Xuhui and Pande, Vijay S.},
Title = {{Using generalized ensemble simulations and Markov state models to
   identify conformational states}},
Journal = {{METHODS}},
Year = {{2009}},
Volume = {{49}},
Pages = {{197-201}},
DOI = {{10.1016/j.ymeth.2009.04.013}},
Times-Cited = {{42}},
Journal-ISO = {{Methods}},
}

@ARTICLE{Bowman2009b,
  author    = {Bowman, G. R. and Beauchamp, K. A. and Boxer, G. and Pande, V.
              S.},
  title     = {Progress and challenges in the automated construction of
              Markov state models for full protein systems (11 pages).},
  journal-iso   = {J. Chem. Phys.},
  year      = {2009},
  volume    = {131},
  pages     = {124101}
}
﻿﻿﻿
@article{Carr2009,
Author = {Carr, Joanne M. and Wales, David J.},
Title = {{Refined kinetic transition networks for the GB1 hairpin peptide}},
Journal = {{PHYSICAL CHEMISTRY CHEMICAL PHYSICS}},
Year = {{2009}},
Volume = {{11}},
Pages = {{3341-3354}},
DOI = {{10.1039/b820649j}},
Times-Cited = {{15}},
Journal-ISO = {{Phys. Chem. Chem. Phys.}},
}

@article{Dellago2009,
Author = {Dellago, Christoph and Bolhuis, Peter G.},
Editor = {{Holm, C and Kremer, K}},
Title = {{Transition Path Sampling and Other Advanced Simulation Techniques for
   Rare Events}},
Booktitle = {{ADVANCED COMPUTER SIMULATION APPROACHES FOR SOFT MATTER SCIENCES III}},
Series = {{Advances in Polymer Science}},
Year = {{2009}},
Volume = {{221}},
Pages = {{167-233}},
DOI = {{10.1007/12\_2008\_3}},
Times-Cited = {{28}},
Journal-ISO = {{Adv. Polym. Sci.}},
}

@article{Ezra2009,
Author = {Ezra, Gregory S. and Waalkens, Holger and Wiggins, Stephen},
Title = {{Microcanonical rates, gap times, and phase space dividing surfaces}},
Journal = {{JOURNAL OF CHEMICAL PHYSICS}},
Year = {{2009}},
Volume = {{130}},
DOI = {{10.1063/1.3119365}},
Times-Cited = {{10}},
Journal-ISO = {{J. Chem. Phys.}},
}

@article{Glowacki2009,
Author = {Glowacki, David R. and Paci, Emanuele and Shalashilin, Dmitrii V.},
Title = {{Boxed Molecular Dynamics: A Simple and General Technique for
   Accelerating Rare Event Kinetics and Mapping Free Energy in Large
   Molecular Systems}},
Journal = {{JOURNAL OF PHYSICAL CHEMISTRY B}},
Year = {{2009}},
Volume = {{113}},
Pages = {{16603-16611}},
DOI = {{10.1021/jp9074898}},
Times-Cited = {{14}},
Journal-ISO = {{J. Phys. Chem. B}},
}
﻿﻿﻿
@article{Lourderaj2009,
Author = {Lourderaj, Upakarasamy and Hase, William L.},
Title = {{Theoretical and Computational Studies of Non-RRKM Unimolecular Dynamics}},
Journal = {{JOURNAL OF PHYSICAL CHEMISTRY A}},
Year = {{2009}},
Volume = {{113}},
Pages = {{2236-2253}},
DOI = {{10.1021/jp806659f}},
Times-Cited = {{42}},
Journal-ISO = {{J. Phys. Chem. A}},
}

@article{Kelley2009,
Author = {Kelley, Nicholas W. and Huang, Xuhui and Tam, Stephen and Spiess,
   Christoph and Frydman, Judith and Pande, Vijay S.},
Title = {{The Predicted Structure of the Headpiece of the Huntingtin Protein and
   Its Implications on Huntingtin Aggregation}},
Journal = {{JOURNAL OF MOLECULAR BIOLOGY}},
Year = {{2009}},
Volume = {{388}},
Pages = {{919-927}},
DOI = {{10.1016/j.jmb.2009.01.032}},
Times-Cited = {{20}},
Journal-ISO = {{J. Mol. Biol.}},
}

@ARTICLE{Vanden-Eijnden2009,
  author    = {Vanden-Eijnden, E. and Venturoli, M.},
  title     = {Markovian milestoning with Voronoi tessellations (13 pages).},
  journal-iso   = {J. Chem. Phys.},
  year      = {2009},
  volume    = {130},
  pages     = {194101}
}
﻿
@article{Wales2009,
Author = {Wales, David J.},
Title = {{Calculating rate constants and committor probabilities for transition
   networks by graph transformation}},
Journal = {{JOURNAL OF CHEMICAL PHYSICS}},
Year = {{2009}},
Volume = {{130}},
DOI = {{10.1063/1.3133782}},
Times-Cited = {{12}},
Journal-ISO = {{J. Chem. Phys.}},
}

@article{Borrero2010,
Author = {Borrero, Ernesto E. and Dellago, Christoph},
Title = {{Overcoming barriers in trajectory space: Mechanism and kinetics of rare
   events via Wang-Landau enhanced transition path sampling}},
Journal = {{JOURNAL OF CHEMICAL PHYSICS}},
Year = {{2010}},
Volume = {{133}},
DOI = {{10.1063/1.3496376}},
Times-Cited = {{2}},
Journal-ISO = {{J. Chem. Phys.}},
}
﻿﻿
@article{Majek2010,
Author = {Majek, Peter and Elber, Ron},
Title = {{Milestoning without a Reaction Coordinate}},
Journal = {{JOURNAL OF CHEMICAL THEORY AND COMPUTATION}},
Year = {{2010}},
Volume = {{6}},
Pages = {{1805-1817}},
DOI = {{10.1021/ct100114j}},
Times-Cited = {{14}},
Journal-ISO = {{J. Chem. Theory Comput.}},
}

@article{Pande2010a,
Author = {Pande, Vijay S.},
Title = {{Simple Theory of Protein Folding Kinetics}},
Journal = {{PHYSICAL REVIEW LETTERS}},
Year = {{2010}},
Volume = {{105}},
DOI = {{10.1103/PhysRevLett.105.198101}},
Times-Cited = {{7}},
Journal-ISO = {{Phys. Rev. Lett.}},
}
﻿
@article{Pande2010b,
Author = {Pande, Vijay S. and Beauchamp, Kyle and Bowman, Gregory R.},
Title = {{Everything you wanted to know about Markov State Models but were afraid
   to ask}},
Journal = {{METHODS}},
Year = {{2010}},
Volume = {{52}},
Pages = {{99-105}},
DOI = {{10.1016/j.ymeth.2010.06.002}},
Times-Cited = {{21}},
Journal-ISO = {{Methods}},
}
﻿
@article{Weinan2010,
Author = {E, Weinan and Vanden-Eijnden, Eric},
Editor = {{Leone, SR and Cremer, PS and Groves, JT and Johnson, MA and Richmond, G}},
Title = {{Transition-Path Theory and Path-Finding Algorithms for the Study of Rare
   Events}},
Booktitle = {{ANNUAL REVIEW OF PHYSICAL CHEMISTRY, VOL 61}},
Series = {{Annual Review of Physical Chemistry}},
Year = {{2010}},
Volume = {{61}},
Pages = {{391-420}},
Publisher = {{ANNUAL REVIEWS}},
DOI = {{10.1146/annurev.physchem.040808.090412}},
Times-Cited = {{12}},
Journal-ISO = {{Annu. Rev. Phys. Chem.}},
}
﻿
@article{Borrero2011,
Author = {Borrero, Ernesto E. and Weinwurm, Marcus and Dellago, Christoph},
Title = {{Optimizing transition interface sampling simulations}},
Journal = {{JOURNAL OF CHEMICAL PHYSICS}},
Year = {{2011}},
Volume = {{134}},
DOI = {{10.1063/1.3601919}},
Times-Cited = {{1}},
Journal-ISO = {{J. Chem. Phys.}},
}
﻿
@article{Glowacki2011,
Author = {Glowacki, David R. and Paci, Emanuele and Shalashilin, Dmitrii V.},
Title = {{Boxed Molecular Dynamics: Decorrelation Time Scales and the Kinetic
   Master Equation}},
Journal = {{JOURNAL OF CHEMICAL THEORY AND COMPUTATION}},
Year = {{2011}},
Volume = {{7}},
Pages = {{1244-1252}},
DOI = {{10.1021/ct200011e}},
Times-Cited = {{7}},
Journal-ISO = {{J. Chem. Theory Comput.}},
}
﻿﻿﻿﻿﻿
@article{Best2012,
Author = {Best, Robert B.},
Title = {{Atomistic molecular simulations of protein folding}},
Journal = {{CURRENT OPINION IN STRUCTURAL BIOLOGY}},
Year = {{2012}},
Volume = {{22}},
Pages = {{52-61}},
DOI = {{10.1016/j.sbi.2011.12.001}},
Times-Cited = {{17}},
Journal-ISO = {{Curr. Opin. Struct. Biol.}},
}

@article{Bhatt2012,
Author = {Bhatt, Divesh and Bahar, Ivet},
Title = {{An adaptive weighted ensemble procedure for efficient computation of
   free energies and first passage rates}},
Journal = {{JOURNAL OF CHEMICAL PHYSICS}},
Year = {{2012}},
Volume = {{137}},
DOI = {{10.1063/1.4748278}},
Times-Cited = {{0}},
Journal-ISO = {{J. Chem. Phys.}},
}
﻿
@article{Dill2012,
Author = {Dill, Ken A. and MacCallum, Justin L.},
Title = {{The Protein-Folding Problem, 50 Years On}},
Journal = {{SCIENCE}},
Year = {{2012}},
Volume = {{338}},
Pages = {{1042-1046}},
DOI = {{10.1126/science.1219021}},
Times-Cited = {{4}},
Journal-ISO = {{Science}},
}

@article{Doshi2012,
Author = {Doshi, Urmi and Hamelberg, Donald},
Title = {{Improved Statistical Sampling and Accuracy with Accelerated Molecular
   Dynamics on Rotatable Torsions}},
Journal = {{JOURNAL OF CHEMICAL THEORY AND COMPUTATION}},
Year = {{2012}},
Volume = {{8}},
Pages = {{4004-4012}},
DOI = {{10.1021/ct3004194}},
Times-Cited = {{0}},
Journal-ISO = {{J. Chem. Theory Comput.}},
}
﻿
@article{Faccioli2012,
Author = {Faccioli, P. and Pederiva, F.},
Title = {{Microscopically computing free-energy profiles and transition path time
   of rare macromolecular transitions}},
Journal = {{PHYSICAL REVIEW E}},
Year = {{2012}},
Volume = {{86}},
DOI = {{10.1103/PhysRevE.86.061916}},
Times-Cited = {{0}},
Journal-ISO = {{Phys. Rev. E}},
}

@article{Helmich2012,
Author = {Helmich, Benjamin and Sierka, Marek},
Title = {{Similarity Recognition of Molecular Structures by Optimal Atomic
   Matching and Rotational Superposition}},
Journal = {{JOURNAL OF COMPUTATIONAL CHEMISTRY}},
Year = {{2012}},
Volume = {{33}},
Pages = {{134-140}},
DOI = {{10.1002/jcc.21925}},
Times-Cited = {{0}},
Journal-ISO = {{J. Comput. Chem.}},
}
﻿
@article{Kusumaatmaja2012,
Author = {Kusumaatmaja, Halim and Whittleston, Chris S. and Wales, David J.},
Title = {{A Local Rigid Body Framework for Global Optimization of Biomolecules}},
Journal = {{JOURNAL OF CHEMICAL THEORY AND COMPUTATION}},
Year = {{2012}},
Volume = {{8}},
Pages = {{5159-5165}},
DOI = {{10.1021/ct3004589}},
Times-Cited = {{1}},
Journal-ISO = {{J. Chem. Theory Comput.}},
}

@article{Shalashilin2012,
Author = {Shalashilin, Dmitrii V. and Beddard, Godfrey S. and Paci, Emanuele and
   Glowacki, David R.},
Title = {{Peptide kinetics from picoseconds to microseconds using boxed molecular
   dynamics: Power law rate coefficients in cyclisation reactions}},
Journal = {{JOURNAL OF CHEMICAL PHYSICS}},
Year = {{2012}},
Volume = {{137}},
DOI = {{10.1063/1.4759088}},
Times-Cited = {{0}},
Journal-ISO = {{J. Chem. Phys.}},
}
﻿﻿
@article{Adelman2013,
Author = {Adelman, Joshua L. and Grabe, Michael},
Title = {{Simulating rare events using a weighted ensemble-based string method}},
Journal = {{JOURNAL OF CHEMICAL PHYSICS}},
Year = {{2013}},
Volume = {{138}},
DOI = {{10.1063/1.4773892}},
Times-Cited = {{0}},
Journal-ISO = {{J. Chem. Phys.}},
}

@article{Kratzer2013,
Author = {Kratzer, Kai and Arnold, Axel and Allen, Rosalind J},
Title = {{Simulating rare events using a weighted ensemble-based string method}},
Journal = {{JOURNAL OF CHEMICAL PHYSICS}},
Year = {{2013}},
Volume = {{138}},
DOI = {{10.1063/1.4773892}},
Times-Cited = {{0}},
Journal-ISO = {{J. Chem. Phys.}},
}

@article{Rohrdanz2013,
Author = {Rohrdanz, Mary A and Zheng, Wenwei and Clementi, Cecilia},
Title = {{Automatic, optimized interface placement in forward flux sampling simulations.}},
Journal = {{The Journal of chemical physics}},
Year = {{2013}},
Volume = {{138}},
Issue = {{16}},
Pages = {{164112}},
Journal-ISO = {{J. Chem. Phys.}},
}

@MISC{GMIN,
author = {{Wales, D. J. }},
title = {{GMIN: A program for basin-hopping global optimisation}},
url = {www-wales.ch.cam.ac.uk/GMIN},
year = {2013}
}

@MISC{OPTIM,
author = {{Wales, D. J. }},
title = {{OPTIM: a program for optimizing geometries and calculating reaction pathways}},
url = {www-wales.ch.cam.ac.uk/OPTIM},
year = {2013}
}

@MISC{pele,
author = {{Stevenson, Jacob and Ruehle, Victor and Wales, D. J. and pele community}},
title = {{PELE : Python Energy Landscape Explorer}},
url = {www.github.com/pele-python/pele},
year = {2013}
}

@MISC{Octave2012,
author = {{Octave community}},
title = {{GNU/Octave}},
url = {www.gnu.org/software/octave},
year = {2012}
}

